<record><leader>00000cas a22000007a 4500</leader><controlfield tag="001">22144052</controlfield><controlfield tag="008">900725d19691989maudn ne      0    0eng d</controlfield><controlfield tag="009">9107</controlfield><datafield ind1=" " ind2=" " tag="010"><subfield code="a">sn 89062405 </subfield></datafield><datafield ind1=" " ind2=" " tag="040"><subfield code="a">MGN</subfield><subfield code="b">eng</subfield><subfield code="c">MGN</subfield></datafield><datafield ind1=" " ind2=" " tag="042"><subfield code="a">msc</subfield></datafield><datafield ind1="0" ind2="0" tag="245"><subfield code="a">Melrose evening news.</subfield></datafield><datafield ind1=" " ind2=" " tag="260"><subfield code="a">Melrose, Mass. :</subfield><subfield code="b">David Brickman,</subfield></datafield><datafield ind1=" " ind2=" " tag="300"><subfield code="a">v.</subfield></datafield><datafield ind1=" " ind2=" " tag="310"><subfield code="a">Daily (except Sat. and Sun.)</subfield></datafield><datafield ind1="0" ind2=" " tag="362"><subfield code="a">No. 1 (May 5, 1969)-Oct. 27, 1989.</subfield></datafield><datafield ind1=" " ind2=" " tag="580"><subfield code="a">Merged with: Malden evening news (Malden, Mass. : 1892), and: Malden evening news (Malden, Mass. : 1892 : Everett ed.), and: Medford daily Mercury (Medford, Mass.), to form: The Daily news-Mercury.</subfield></datafield><datafield ind1=" " ind2=" " tag="752"><subfield code="a">United States</subfield><subfield code="b">Massachusetts</subfield><subfield code="c">Middlesex</subfield><subfield code="d">Melrose.</subfield></datafield><datafield ind1="1" ind2="7" tag="785"><subfield code="t">Malden evening news (Malden, Mass. : 1892)</subfield><subfield code="w">(DLC)sn 89062373</subfield></datafield><datafield ind1="1" ind2="7" tag="785"><subfield code="t">Malden evening news (Malden, Mass. : 1892 : Everett ed.)</subfield></datafield><datafield ind1="1" ind2="7" tag="785"><subfield code="t">Medford daily Mercury (Medford, Mass.)</subfield><subfield code="w">(DLC)sn 89062404</subfield></datafield><datafield ind1="1" ind2="7" tag="785"><subfield code="t">Daily news-Mercury</subfield><subfield code="w">(DLC)sn 92056761</subfield></datafield></record>